<?xml version="1.0" encoding="UTF-8"?><record xmlns="http://www.loc.gov/MARC21/slim" xmlns:cinclude="http://apache.org/cocoon/include/1.0" xmlns:zs="http://www.loc.gov/zing/srw/">
  <leader>00432nz  a2200145n  4500</leader>
  <controlfield tag="001">no2010138479</controlfield>
  <controlfield tag="003">DLC</controlfield>
  <controlfield tag="005">20100827075221.0</controlfield>
  <controlfield tag="008">100825n| acannaabn          |n aaa     c</controlfield>
  <datafield tag="010" ind1=" " ind2=" ">
    <subfield code="a">no2010138479</subfield>
  </datafield>
  <datafield tag="035" ind1=" " ind2=" ">
    <subfield code="a">(OCoLC)oca08603856</subfield>
  </datafield>
  <datafield tag="040" ind1=" " ind2=" ">
    <subfield code="a">NN</subfield>
    <subfield code="b">eng</subfield>
    <subfield code="c">NN</subfield>
  </datafield>
  <datafield tag="100" ind1="1" ind2=" ">
    <subfield code="a">Brunaux, Hervé</subfield>
  </datafield>
  <datafield tag="670" ind1=" " ind2=" ">
    <subfield code="a">Comme Arsène Lupin, c2008:</subfield>
    <subfield code="b">t.p. (Hervé Brunaux)</subfield>
  </datafield>
  <datafield tag="670" ind1=" " ind2=" ">
    <subfield code="a">OCLC, Aug. 25, 2010</subfield>
    <subfield code="b">(hdg.: Brunaux, Hervé ; Brunaux, Hervé, 1964- )</subfield>
  </datafield>
</record>